<record><leader>00000cas a22000007a 4500</leader><controlfield tag="001">10704551</controlfield><controlfield tag="008">840508d186719uuwvuwr ne      0    0eng d</controlfield><datafield ind1=" " ind2=" " tag="010"><subfield code="a">sn 84026849 </subfield></datafield><datafield ind1=" " ind2=" " tag="040"><subfield code="a">NPU</subfield><subfield code="b">eng</subfield><subfield code="c">NPU</subfield><subfield code="d">NPX</subfield><subfield code="d">WVC</subfield><subfield code="d">NPH</subfield><subfield code="d">NVK</subfield><subfield code="d">OCL</subfield><subfield code="d">OCLCQ</subfield><subfield code="d">OCLCF</subfield><subfield code="d">OCLCO</subfield></datafield><datafield ind1="1" ind2=" " tag="029"><subfield code="a">AU@</subfield><subfield code="b">000020340604</subfield></datafield><datafield ind1=" " ind2=" " tag="042"><subfield code="a">msc</subfield></datafield><datafield ind1=" " ind2=" " tag="043"><subfield code="a">n-us-wv</subfield></datafield><datafield ind1="0" ind2=" " tag="130"><subfield code="a">Weekly register (Wheeling, W. Va.)</subfield></datafield><datafield ind1="1" ind2="4" tag="245"><subfield code="a">The weekly register.</subfield></datafield><datafield ind1="1" ind2="3" tag="246"><subfield code="a">Wheeling register</subfield></datafield><datafield ind1=" " ind2=" " tag="260"><subfield code="a">Wheeling, W. Va. :</subfield><subfield code="b">Lewis Baker &amp; Co.</subfield></datafield><datafield ind1=" " ind2=" " tag="300"><subfield code="a">v. ;</subfield><subfield code="c">56 cm.</subfield></datafield><datafield ind1=" " ind2=" " tag="310"><subfield code="a">Weekly</subfield></datafield><datafield ind1="1" ind2=" " tag="362"><subfield code="a">Began by 1867.</subfield></datafield><datafield ind1=" " ind2=" " tag="500"><subfield code="a">Publisher: Register Co., &lt;1876&gt;.</subfield></datafield><datafield ind1=" " ind2=" " tag="580"><subfield code="a">Issued also in a daily entitled: Wheeling daily register, and a tri-weekly entitled: Wheeling tri-weekly register, and a German edition entitled: Arbeiter-freund (Wheeling, W. Va.).</subfield></datafield><datafield ind1=" " ind2=" " tag="580"><subfield code="a">Issued from the same office: Sunday news (Wheeling, W. Va.).</subfield></datafield><datafield ind1=" " ind2=" " tag="588"><subfield code="a">Description based on: Vol. 5, no. 28 (July 19, 1867).</subfield></datafield><datafield ind1=" " ind2="0" tag="651"><subfield code="a">Wheeling (W. Va.)</subfield><subfield code="v">Newspapers.</subfield></datafield><datafield ind1=" " ind2="7" tag="655"><subfield code="a">Newspapers.</subfield><subfield code="2">fast</subfield><subfield code="0">(OCoLC)fst01423814</subfield></datafield><datafield ind1=" " ind2="7" tag="651"><subfield code="a">West Virginia</subfield><subfield code="z">Wheeling.</subfield><subfield code="2">fast</subfield><subfield code="0">(OCoLC)fst01213675</subfield></datafield><datafield ind1=" " ind2=" " tag="752"><subfield code="a">United States</subfield><subfield code="b">West Virginia</subfield><subfield code="c">Ohio</subfield><subfield code="d">Wheeling.</subfield></datafield><datafield ind1="1" ind2=" " tag="775"><subfield code="t">Wheeling tri-weekly register</subfield><subfield code="w">(DLC)sn 84026848</subfield></datafield><datafield ind1="1" ind2=" " tag="775"><subfield code="t">Wheeling daily register</subfield><subfield code="w">(DLC)sn 84026847</subfield></datafield><datafield ind1="1" ind2=" " tag="775"><subfield code="t">Arbeiter-freund (Wheeling, W. Va.)</subfield><subfield code="w">(DLC)sn 84026890</subfield></datafield><datafield ind1="0" ind2="0" tag="780"><subfield code="t">Wheeling weekly register</subfield><subfield code="w">(DLC)sn 86092528</subfield></datafield><datafield ind1="1" ind2=" " tag="787"><subfield code="t">Sunday news (Wheeling, W. Va.)</subfield><subfield code="w">(DLC)sn 84026850</subfield></datafield></record>